@online{best,
  author = {Riseup},
  title = {OpenPGP Best Practices},
  year = 2016,
  url = {https://riseup.net/en/gpg-best-practiceshttps://riseup.net/en/gpg-best-practices},
  urldate = {2016-12-26}
}
